@misc{indiadash,
  title = {{COVID 19 Dashboard India – ZOHO Analytics – ZOHO}},
  howpublished = "\url{https://www.zoho.com/covid/india/}",
  year = {2022}, 
  note = "[Online; accessed 20-April-2022]"
}

@misc{nhs,
  title = {{COVID 19 Dashboard  – NHS providers}},
  howpublished = "\url{https://nhsproviders.org/topics/covid-
19/tracking-covid-19-data/covid-19-dashboard}",
  year = {2022}, 
  note = "[Online; accessed 20-April-2022]"
}

@misc{belgium,
  title = {{COVID 19 Dashboard  – Belgium}},
  howpublished = "\url{https://esribelux.maps.arcgis.com/apps/ops
dashboard/index.html#/e350724c87af49bb9ce29646f8a42344}",
  year = {2022}, 
  note = "[Online; accessed 20-April-2022]"
}


@misc{italy,
  title = {{COVID-19 integrated surveillance data in Italy – EpiCentro}},
  howpublished = "\url{https://www.ep
icentro.iss.it/en/coronavirus/sars-cov-2-dashboard}",
  year = {2022}, 
  note = "[Online; accessed 20-April-2022]"
}



@misc{sl,
  title = {{COVID-19: Live situational Analysis Dashboard of Sri Lanka,}},
  howpublished = "\url{https:
//hpb.health.gov.lk/covid19-dashboard/}",
  year = {2022}, 
  note = "[Online; accessed 20-April-2022]"
}
